@article{wei2022cot,
  title     = {Chain of Thought Prompting Elicits Reasoning in Large Language Models},
  author    = {Jason Wei and Xuezhi Wang and Dale Schuurmans and Maarten Bosma and Brian Ichter and Fei Xia and Ed H. Chi and Quoc V. Le and Denny Zhou},
  journal   = {arXiv preprint arXiv:2201.11903},
  date      = {2022-01-28},
  url       = {https://arxiv.org/abs/2201.11903}
}

@article{yao2023tot,
  title     = {Tree of Thoughts: Deliberate Reasoning via Large Language Models},
  author    = {Shunyu Yao and Dian Yu and Jeffrey Zhao and Izhak Shafran and Thomas L. Griffiths and Yuan Cao and Karthik Narasimhan},
  journal   = {arXiv preprint arXiv:2305.10601},
  date      = {2023-05-17},
  url       = {https://arxiv.org/abs/2305.10601}
}

@book{debono1967lateral,
  title     = {The Use of Lateral Thinking},
  author    = {Edward de Bono},
  publisher = {Jonathan Cape},
  address   = {London, U.K.},
  year      = {1967},
  date      = {1967},
  isbn      = {978-0-224-61931-2}
}

@article{gao2022pal,
  title     = {Program-Aided Language Models},
  author    = {Luyu Gao and Aman Madaan and Shuyan Zhou and Uri Alon and Pengfei Liu and Yiming Yang and Jamie Callan and Graham Neubig},
  journal   = {arXiv preprint arXiv:2211.10435},
  date      = {2022-11-18},
  url       = {https://arxiv.org/abs/2211.10435}
}

@article{madaan2023selfrefine,
  title     = {Self-Refine: Iterative Refinement with Self-Feedback},
  author    = {Aman Madaan and Niket Tandon and Prakhar Gupta and Skyler Hallinan and Luyu Gao and Sarah Wiegreffe and Uri Alon and Nouha Dziri and Shrimai Prabhumoye and Yiming Yang and Shashank Gupta and Bodhisattwa Prasad Majumder and Katherine A. Hermann and Sean Welleck and Amir Yazdanbakhsh and Peter Clark},
  journal   = {arXiv preprint arXiv:2303.17651},
  date      = {2023-03-30},
  url       = {https://arxiv.org/abs/2303.17651}
}

@article{cobbe2021verifiers,
  title     = {Training Verifiers to Solve Math Word Problems},
  author    = {Karl Cobbe and Vineet Kosaraju and Mohammad Bavarian and Mark Chen and Heewoo Jun and Lukasz Kaiser and Matthias Plappert and Jerry Tworek and Jacob Hilton and Reiichiro Nakano and Christopher Hesse and John Schulman},
  journal   = {arXiv preprint arXiv:2110.14168},
  date      = {2021-10-27},
  url       = {https://arxiv.org/abs/2110.14168}
}

@article{saparov2022prontoqa,
  title     = {Language Models Are Greedy Reasoners: A Systematic Formal Analysis of Chain-of-Thought},
  author    = {Abulhair Saparov and He He},
  journal   = {arXiv preprint arXiv:2210.01240},
  note      = {Introduces the PrOntoQA benchmark},
  date      = {2022-10-03},
  url       = {https://arxiv.org/abs/2210.01240}
}

@inproceedings{ghosh2025logical,
  author    = {Bishwamittra Ghosh and Sarah Hasan and Naheed Anjum Arafat and Arijit Khan},
  title     = {Logical Consistency of Large Language Models in Fact-Checking},
  booktitle = {Proceedings of the International Conference on Learning Representations (ICLR)},
  year      = {2025},
  month     = {feb},
  note      = {arXiv:2412.16100\,â€“\,v2, last revised 28 Feb 2025},
  url       = {https://arxiv.org/abs/2412.16100}
}
