@article{wei2022cot,
  title     = {Chain of Thought Prompting Elicits Reasoning in Large Language Models},
  author    = {Jason Wei and Xuezhi Wang and Dale Schuurmans and Maarten Bosma and Brian Ichter and Fei Xia and Ed H. Chi and Quoc V. Le and Denny Zhou},
  journal   = {arXiv preprint arXiv:2201.11903},
  date      = {2022-01-28},
  url       = {https://arxiv.org/abs/2201.11903}
}

@article{yao2023tot,
  title     = {Tree of Thoughts: Deliberate Reasoning via Large Language Models},
  author    = {Shunyu Yao and Dian Yu and Jeffrey Zhao and Izhak Shafran and Thomas L. Griffiths and Yuan Cao and Karthik Narasimhan},
  journal   = {arXiv preprint arXiv:2305.10601},
  date      = {2023-05-17},
  url       = {https://arxiv.org/abs/2305.10601}
}

@book{debono1967lateral,
  title     = {The Use of Lateral Thinking},
  author    = {Edward de Bono},
  publisher = {Jonathan Cape},
  address   = {London, U.K.},
  year      = {1967},
  date      = {1967},
  isbn      = {978-0-224-61931-2}
}

@article{gao2022pal,
  title     = {Program-Aided Language Models},
  author    = {Luyu Gao and Aman Madaan and Shuyan Zhou and Uri Alon and Pengfei Liu and Yiming Yang and Jamie Callan and Graham Neubig},
  journal   = {arXiv preprint arXiv:2211.10435},
  date      = {2022-11-18},
  url       = {https://arxiv.org/abs/2211.10435}
}

@article{madaan2023selfrefine,
  title     = {Self-Refine: Iterative Refinement with Self-Feedback},
  author    = {Aman Madaan and Niket Tandon and Prakhar Gupta and Skyler Hallinan and Luyu Gao and Sarah Wiegreffe and Uri Alon and Nouha Dziri and Shrimai Prabhumoye and Yiming Yang and Shashank Gupta and Bodhisattwa Prasad Majumder and Katherine A. Hermann and Sean Welleck and Amir Yazdanbakhsh and Peter Clark},
  journal   = {arXiv preprint arXiv:2303.17651},
  date      = {2023-03-30},
  url       = {https://arxiv.org/abs/2303.17651}
}

@article{cobbe2021verifiers,
  title     = {Training Verifiers to Solve Math Word Problems},
  author    = {Karl Cobbe and Vineet Kosaraju and Mohammad Bavarian and Mark Chen and Heewoo Jun and Lukasz Kaiser and Matthias Plappert and Jerry Tworek and Jacob Hilton and Reiichiro Nakano and Christopher Hesse and John Schulman},
  journal   = {arXiv preprint arXiv:2110.14168},
  date      = {2021-10-27},
  url       = {https://arxiv.org/abs/2110.14168}
}

@article{saparov2022prontoqa,
  title     = {Language Models Are Greedy Reasoners: A Systematic Formal Analysis of Chain-of-Thought},
  author    = {Abulhair Saparov and He He},
  journal   = {arXiv preprint arXiv:2210.01240},
  note      = {Introduces the PrOntoQA benchmark},
  date      = {2022-10-03},
  url       = {https://arxiv.org/abs/2210.01240}
}

@inproceedings{ghosh2025logical,
  author    = {Bishwamittra Ghosh and Sarah Hasan and Naheed Anjum Arafat and Arijit Khan},
  title     = {Logical Consistency of Large Language Models in Fact-Checking},
  booktitle = {Proceedings of the International Conference on Learning Representations (ICLR)},
  year      = {2025},
  month     = {feb},
  note      = {arXiv:2412.16100\,–\,v2, last revised 28 Feb 2025},
  url       = {https://arxiv.org/abs/2412.16100}
}

@inproceedings{liu2025logicalconsistency,
  author    = {Yinhong Liu and Zhijiang Guo and Tianya Liang
               and Ehsan Shareghi and Ivan Vuli{\'c} and Nigel Collier},
  title     = {Measuring, Evaluating and Improving Logical Consistency
               in Large Language Models},
  booktitle = {Proceedings of the International Conference on Learning
               Representations (ICLR)},
  year      = {2025},
  note      = {arXiv:2410.02205\,–\,v4, last revised 5 Feb 2025},
  url       = {https://arxiv.org/abs/2410.02205}
}

@inproceedings{chen2025justlogic,
  author    = {Michael K. Chen and Xikun Zhang and Dacheng Tao},
  title     = {JustLogic: A Benchmark for Natural Language Deductive Reasoning},
  booktitle = {Proceedings of the International Conference on Learning
               Representations (ICLR)},
  year      = {2025},
  note      = {OpenReview ID THSm9HyCKo, first posted 26 Sep 2024},
  url       = {https://openreview.net/forum?id=THSm9HyCKo}
}

@inproceedings{wan2024logicasker,
  author    = {Yuxuan Wan and Wenxuan Wang and Yiliu Yang and Youliang Yuan
               and Jen{-}tse Huang and Pinjia He and Wenxiang Jiao and
               Michael R. Lyu},
  title     = {LogicAsker: Evaluating and Improving the Logical Reasoning
               Ability of Large Language Models},
  booktitle = {Proceedings of the 2024 Conference on Empirical Methods in
               Natural Language Processing (EMNLP)},
  year      = {2024},
  note      = {arXiv:2401.00757\,–\,v3, accepted EMNLP 2024},
  url       = {https://arxiv.org/abs/2401.00757}
}

@article{wei2022cot,
  title        = {Chain-of-Thought Prompting Elicits Reasoning in Large Language Models},
  author       = {Wei, Jason and Wang, Xuezhi and Schuurmans, Dale and Bosma, Maarten and Ichter, Brian and Xia, Fei and Chi, Ed H. and Le, Quoc V. and Zhou, Denny},
  year         = {2022},
  eprint       = {2201.11903},
  archivePrefix= {arXiv},
  primaryClass = {cs.CL},
  url          = {https://arxiv.org/abs/2201.11903}
}

@article{kojima2022zeroshotcot,
  title   = {Large Language Models are Zero-Shot Reasoners},
  author  = {Kojima, Takeshi and Gu, Shixiang Shane and Reid, Machel and Matsuo, Yutaka and Iwasawa, Yusuke},
  year    = {2022},
  eprint  = {2205.11916},
  archivePrefix = {arXiv},
  primaryClass  = {cs.CL},
  doi     = {10.48550/arXiv.2205.11916},
  url     = {https://arxiv.org/abs/2205.11916}
}

@article{wang2022selfconsistency,
  title   = {Self-Consistency Improves Chain of Thought Reasoning in Language Models},
  author  = {Wang, Xuezhi and Wei, Jason and Schuurmans, Dale and Le, Quoc and Chi, Ed and Narang, Sharan and Chowdhery, Aakanksha and Zhou, Denny},
  year    = {2022},
  eprint  = {2203.11171},
  archivePrefix = {arXiv},
  primaryClass  = {cs.CL},
  url     = {https://arxiv.org/abs/2203.11171}
}

@article{zhou2022ltm,
  title   = {Least-to-Most Prompting Enables Complex Reasoning in Large Language Models},
  author  = {Zhou, Denny and Sch{\"a}rli, Nathanael and Hou, Le and Wei, Jason and Scales, Nathan and Wang, Xuezhi and Chen, Dale and Bousquet, Olivier and Cui, Claire and Schuurmans, Dale and Chi, Ed and Le, Quoc},
  year    = {2022},
  eprint  = {2205.10625},
  archivePrefix = {arXiv},
  primaryClass  = {cs.CL},
  url     = {https://arxiv.org/abs/2205.10625}
}

@inproceedings{wang2023planandsolve,
  title     = {Plan-and-Solve Prompting: Improving Zero-Shot Chain-of-Thought Reasoning by Large Language Models},
  author    = {Wang, Lei and Xu, Wanyu and Lan, Yihuai and Hu, Zhiqiang and Lan, Yunshi and Lee, Roy Ka-Wei and Lim, Ee-Peng},
  booktitle = {Proceedings of the 61st Annual Meeting of the Association for Computational Linguistics (ACL)},
  year      = {2023},
  url       = {https://arxiv.org/abs/2305.04091}
}

@inproceedings{yao2023react,
  title     = {ReAct: Synergizing Reasoning and Acting in Language Models},
  author    = {Yao, Shunyu and Zhao, Jeffrey and Yu, Dian and Du, Nan and Shafran, Izhak and Narasimhan, Karthik and Cao, Yuan},
  booktitle = {International Conference on Learning Representations (ICLR)},
  year      = {2023},
  url       = {https://arxiv.org/abs/2210.03629}
}

@article{yao2023tot,
  title   = {Tree of Thoughts: Deliberate Problem Solving with Large Language Models},
  author  = {Yao, Shunyu and Yu, Dian and Zhao, Jeffrey and Shafran, Izhak and Griffiths, Thomas L. and Cao, Yuan and Narasimhan, Karthik},
  year    = {2023},
  eprint  = {2305.10601},
  archivePrefix = {arXiv},
  primaryClass  = {cs.CL},
  url     = {https://arxiv.org/abs/2305.10601}
}

@inproceedings{besta2024got,
  title     = {Graph of Thoughts: Solving Elaborate Problems with Large Language Models},
  author    = {Besta, Maciej and Blach, Nils and Kubicek, Ales and Gerstenberger, Robert and Podstawski, Michal and Gianinazzi, Lukas and Gajda, Joanna and Lehmann, Tomasz and Niewiadomski, Hubert and Nyczyk, Piotr and Hoefler, Torsten},
  booktitle = {Proceedings of the AAAI Conference on Artificial Intelligence},
  year      = {2024},
  doi       = {10.1609/aaai.v38i16.29720},
  url       = {https://arxiv.org/abs/2308.09687}
}

@article{bi2024fot,
  title   = {Forest-of-Thought: Scaling Test-Time Compute with Multiple Reasoning Trees},
  author  = {Bi, Zijun and others},
  year    = {2024},
  eprint  = {2412.09078},
  archivePrefix = {arXiv},
  primaryClass  = {cs.CL},
  url     = {https://arxiv.org/abs/2412.09078}
}

@article{ding2023xot,
  title   = {Everything-of-Thoughts: Defying the Law of Penrose Triangle for LLM Reasoning},
  author  = {Ding, Ning and others},
  year    = {2023},
  eprint  = {2311.04254},
  archivePrefix = {arXiv},
  primaryClass  = {cs.CL},
  url     = {https://arxiv.org/abs/2311.04254}
}

@inproceedings{ding2025dpts,
  title     = {Dynamic Parallel Tree Search for Efficient LLM Reasoning},
  author    = {Ding, Yifu and Jiang, Wentao and Liu, Shunyu and Jing, Yongcheng and Guo, Jinyang and Wang, Yingjie and Zhang, Jing and Wang, Zengmao and Liu, Ziwei and Du, Bo and Liu, Xianglong and Tao, Dacheng},
  booktitle = {Proceedings of the 63rd Annual Meeting of the Association for Computational Linguistics (ACL)},
  year      = {2025},
  eprint    = {2502.16235},
  archivePrefix = {arXiv},
  url       = {https://arxiv.org/abs/2502.16235}
}

@inproceedings{madaan2023selfrefine,
  title     = {Self-Refine: Iterative Refinement with Self-Feedback},
  author    = {Madaan, Aman and others},
  booktitle = {Advances in Neural Information Processing Systems (NeurIPS)},
  year      = {2023},
  eprint    = {2303.17651},
  archivePrefix = {arXiv},
  url       = {https://arxiv.org/abs/2303.17651}
}

@inproceedings{shinn2023reflexion,
  title     = {Reflexion: Language Agents with Verbal Reinforcement Learning},
  author    = {Shinn, Noah and Cassano, Federico and Berman, Edward and Gopinath, Ashwin and Narasimhan, Karthik and Yao, Shunyu},
  booktitle = {Advances in Neural Information Processing Systems (NeurIPS)},
  year      = {2023},
  eprint    = {2303.11366},
  archivePrefix = {arXiv},
  url       = {https://arxiv.org/abs/2303.11366}
}

@inproceedings{chen2024bot,
  title     = {Boosting of Thoughts: Trial-and-Error Problem Solving with Large Language Models},
  author    = {Chen, Sijia and Li, Baochun and Niu, Di},
  booktitle = {International Conference on Learning Representations (ICLR)},
  year      = {2024},
  eprint    = {2402.11140},
  archivePrefix = {arXiv},
  url       = {https://arxiv.org/abs/2402.11140}
}

@article{yang2024bot,
  title   = {Buffer of Thoughts: Thought-Augmented Reasoning with Large Language Models},
  author  = {Yang, Ling and Yu, Zhaochen and Zhang, Tianjun and Cao, Shiyi and Xu, Minkai and Zhang, Wentao and Gonzalez, Joseph E. and Cui, Bin},
  year    = {2024},
  eprint  = {2406.04271},
  archivePrefix = {arXiv},
  url     = {https://arxiv.org/abs/2406.04271}
}

@article{cobbe2021verifier,
  title   = {Training Verifiers to Solve Math Word Problems},
  author  = {Cobbe, Karl and Kosaraju, Vineet and Bavarian, Mohammad and Chen, Mark and Jun, Heewoo and Kaiser, Lukasz and Plappert, Matthias and Tworek, Jerry and Hilton, Jacob and Nakano, Reiichiro and Hesse, Christopher and Schulman, John},
  year    = {2021},
  eprint  = {2110.14168},
  archivePrefix = {arXiv},
  url     = {https://arxiv.org/abs/2110.14168}
}

@techreport{lightman2023verify,
  title       = {Let's Verify Step by Step},
  author      = {Lightman, Hunter and Kosaraju, Vineet and Burda, Yura and Edwards, Harri and Baker, Bowen and Lee, Teddy and Leike, Jan and Schulman, John and Sutskever, Ilya and Cobbe, Karl},
  institution = {OpenAI},
  year        = {2023},
  eprint      = {2305.20050},
  archivePrefix= {arXiv},
  url         = {https://arxiv.org/abs/2305.20050}
}

@inproceedings{weng2022selfverification,
  title     = {Large Language Models are Better Reasoners with Self-Verification},
  author    = {Weng, Yixuan and Zhu, Minjun and Xia, Fei and Li, Bin and He, Shizhu and Liu, Shengping and Sun, Bin and Liu, Kang and Zhao, Jun},
  booktitle = {Findings of the Association for Computational Linguistics: EMNLP},
  year      = {2023},
  eprint    = {2212.09561},
  archivePrefix = {arXiv},
  url       = {https://aclanthology.org/2023.findings-emnlp.167.pdf}
}

@article{zhang2024generativeverifiers,
  title   = {Generative Verifiers: Reward Modeling as Next-Token Prediction},
  author  = {Zhang, Linjun and coauthors},
  year    = {2024},
  eprint  = {2408.15240},
  archivePrefix = {arXiv},
  url     = {https://arxiv.org/abs/2408.15240}
}

@article{xie2024mcts,
  title   = {Monte Carlo Tree Search Boosts Reasoning via Divergence-Driven Selection of Chain-of-Thoughts},
  author  = {Xie, Shibo and others},
  year    = {2024},
  eprint  = {2405.00451},
  archivePrefix = {arXiv},
  url     = {https://arxiv.org/abs/2405.00451}
}

@article{luo2024omegaprm,
  title   = {Improve Mathematical Reasoning in Large Language Models with Process Rewards},
  author  = {Luo, Chang and others},
  year    = {2024},
  eprint  = {2406.06592},
  archivePrefix = {arXiv},
  url     = {https://arxiv.org/abs/2406.06592}
}

@inproceedings{gao2022pal,
  title     = {PAL: Program-Aided Language Models},
  author    = {Gao, Luyu and Madaan, Aman and Zhou, Shuyan and Alon, Uri and Liu, Pengfei and Yang, Yiming and Callan, Jamie and Neubig, Graham},
  booktitle = {Proceedings of the 40th International Conference on Machine Learning (ICML)},
  year      = {2023},
  eprint    = {2211.10435},
  archivePrefix = {arXiv},
  url       = {https://arxiv.org/abs/2211.10435}
}

@article{chen2022pot,
  title   = {Program of Thoughts Prompting: Disentangling Computation from Reasoning for Numerical Reasoning Tasks},
  author  = {Chen, Wenhu and Ma, Xueguang and Wang, Xinyi and Cohen, William W.},
  journal = {Transactions on Machine Learning Research},
  year    = {2023},
  eprint  = {2211.12588},
  archivePrefix = {arXiv},
  url     = {https://arxiv.org/abs/2211.12588}
}

@inproceedings{lyu2023faithfulcot,
  title     = {Faithful Chain-of-Thought Reasoning},
  author    = {Lyu, Qing and Havaldar, Shreya and Stein, Adam and Zhang, Li and Rao, Delip and Wong, Eric and Apidianaki, Marianna and Callison-Burch, Chris},
  booktitle = {IJCNLP-AACL},
  year      = {2023},
  eprint    = {2301.13379},
  archivePrefix = {arXiv},
  url       = {https://arxiv.org/abs/2301.13379}
}

@article{lanham2023measurefaithfulness,
  title   = {Measuring Faithfulness in Chain-of-Thought Reasoning},
  author  = {Lanham, Tamera and Chen, Anna and Radhakrishnan, Ansh and others},
  year    = {2023},
  eprint  = {2307.13702},
  archivePrefix = {arXiv},
  url     = {https://arxiv.org/abs/2307.13702}
}

@article{turpin2023dontsaysay,
  title   = {Language Models Don't Always Say What They Think: Unfaithful Explanations in Chain-of-Thought},
  author  = {Turpin, Miles and others},
  year    = {2023},
  eprint  = {2305.04388},
  archivePrefix = {arXiv},
  url     = {https://arxiv.org/abs/2305.04388}
}

@inproceedings{press2022selfask,
  title     = {Measuring and Narrowing the Compositionality Gap in Language Models},
  author    = {Press, Ofir and Zhang, Muru and Min, Sewon and Schmidt, Ludwig and Smith, Noah A. and Lewis, Mike},
  booktitle = {Findings of EMNLP},
  year      = {2023},
  eprint    = {2210.03350},
  archivePrefix = {arXiv},
  url       = {https://arxiv.org/abs/2210.03350},
  note      = {Self-Ask prompting}
}

@inproceedings{brown2024monkeys,
  title     = {Large Language Monkeys: Scaling Inference Compute with Repeated Sampling},
  author    = {Brown, Bradley and Juravsky, Jordan and Ehrlich, Ryan Saul and Clark, Ronald and Le, Quoc V. and R{\'e}, Christopher and Mirhoseini, Azalia},
  booktitle = {ICLR (submission/openreview)},
  year      = {2024--2025},
  url       = {https://openreview.net/forum?id=0xUEBQV54B},
  note      = {OpenReview preprint}
}

@inproceedings{ning2023sot,
  title     = {Skeleton-of-Thought: Prompting LLMs for Efficient Parallel Generation},
  author    = {Ning, Xupeng and others},
  booktitle = {International Conference on Learning Representations (ICLR) — slides/poster},
  year      = {2024},
  eprint    = {2307.15337},
  archivePrefix = {arXiv},
  url       = {https://arxiv.org/abs/2307.15337}
}
